<?xml version="1.0" encoding="UTF-8"?><collection xmlns="http://www.loc.gov/MARC21/slim"><record><leader>00468nam--2200169-i-4500</leader><controlfield tag="001">000034089</controlfield><controlfield tag="002">20161230</controlfield><controlfield tag="005">20161230201039</controlfield><controlfield tag="008">060222s1000------------r-----000-0-eng-d</controlfield><datafield ind1=" " ind2=" " tag="040"><subfield code="a">IFIN-HH</subfield></datafield><datafield ind1=" " ind2=" " tag="080"><subfield code="a">678.6:539.2:661.666</subfield></datafield><datafield ind1="1" ind2=" " tag="100"><subfield code="a">Froberg, Robert W</subfield></datafield><datafield ind1="1" ind2="0" tag="245"><subfield code="a">Graphite ribbon composites</subfield><subfield code="c">Robert w. froberg</subfield></datafield><datafield ind1=" " ind2=" " tag="260"><subfield code="a">New York</subfield><subfield code="b">Pfizer Minerals Pigments &amp; Metals Division</subfield><subfield code="c">1972</subfield></datafield><datafield ind1=" " ind2=" " tag="300"><subfield code="a">15P</subfield></datafield><datafield ind1=" " ind2=" " tag="852"><subfield code="a">43173</subfield><subfield code="c">539.23</subfield></datafield><datafield ind1=" " ind2=" " tag="CAT"><subfield code="a">Sys</subfield><subfield code="c">20121218</subfield><subfield code="h">115054</subfield></datafield></record></collection>